<?xml version="1.0" encoding="UTF-8"?><collection xmlns="http://www.loc.gov/MARC21/slim"><record><leader>00380nam--2200157-i-4500</leader><controlfield tag="001">000041714</controlfield><controlfield tag="002">20161230</controlfield><controlfield tag="005">20170128201157</controlfield><controlfield tag="008">060222s1000------------r-----000-0-eng-d</controlfield><datafield ind1=" " ind2=" " tag="080"><subfield code="a">515.175.2</subfield></datafield><datafield ind1=" " ind2=" " tag="100"><subfield code="a">Singer, Ivan</subfield></datafield><datafield ind1=" " ind2=" " tag="245"><subfield code="a">Bases in banach spaces II</subfield></datafield><datafield ind1=" " ind2=" " tag="260"><subfield code="a">Bucuresti</subfield><subfield code="b">Ed.Acad.Rsr</subfield><subfield code="c">1981</subfield></datafield><datafield ind1=" " ind2=" " tag="300"><subfield code="a">VIII + 880 p</subfield></datafield><datafield ind1=" " ind2=" " tag="852"><subfield code="a">79662</subfield></datafield><datafield ind1=" " ind2=" " tag="CAT"><subfield code="a">SYS</subfield><subfield code="c">20170128</subfield><subfield code="h">201157</subfield></datafield></record></collection>